<collection xmlns="http://www.loc.gov/MARC21/slim">
<record>
  <leader>02404nam0a2200409 i 450 </leader>
  <controlfield tag="001">IT\ICCU\CNCE\019344</controlfield>
  <controlfield tag="005">20181204000000.0</controlfield>
  <datafield tag="012" ind1=" " ind2=" ">
    <subfield code="a">r-i- s.us u-a- ruro (3) 1581 (R)</subfield>
    <subfield code="2">fei</subfield>
  </datafield>
  <datafield tag="100" ind1=" " ind2=" ">
    <subfield code="a">19970101d1581        0itac0103    ba</subfield>
  </datafield>
  <datafield tag="101" ind1=" " ind2=" ">
    <subfield code="a">LAT</subfield>
  </datafield>
  <datafield tag="102" ind1=" " ind2=" ">
    <subfield code="a">IT</subfield>
  </datafield>
  <datafield tag="200" ind1="1" ind2=" ">
    <subfield code="a">Eorum qui vel eleemosynas erogauerunt admirabiles fructus, vel de eleemosyna scripserunt insignes sententiae numquam antea in vnum ita collectae. Opera Iulii Fulci. Index breuis exemplorum, &amp; sententiarum maxime illustrium</subfield>
  </datafield>
  <datafield tag="210" ind1=" " ind2=" ">
    <subfield code="a">Romae</subfield>
    <subfield code="c">apud Franciscum Zanettum</subfield>
    <subfield code="d">1581</subfield>
    <subfield code="e">Romae</subfield>
    <subfield code="g">apud Franciscum Zanettum</subfield>
    <subfield code="h">1581</subfield>
  </datafield>
  <datafield tag="215" ind1=" " ind2=" ">
    <subfield code="a">\36!, 207, \9! p.</subfield>
    <subfield code="c">ill.</subfield>
    <subfield code="d">12ʻ</subfield>
  </datafield>
  <datafield tag="620" ind1=" " ind2=" ">
    <subfield code="a">IT</subfield>
    <subfield code="d">Roma</subfield>
  </datafield>
  <datafield tag="700" ind1=" " ind2="1">
    <subfield code="a">Folco,</subfield>
    <subfield code="b">Giulio</subfield>
    <subfield code="3">IT\ICCU\CNCA\005458</subfield>
  </datafield>
  <datafield tag="712" ind1="0" ind2="0">
    <subfield code="a">Zanetti, Francesco</subfield>
    <subfield code="3">IT\ICCU\CNCT\000147</subfield>
    <subfield code="4">650</subfield>
  </datafield>
  <datafield tag="790" ind1=" " ind2="1">
    <subfield code="a">Fulci,</subfield>
    <subfield code="b">Giulio</subfield>
    <subfield code="3">IT\ICCU\CNCA\005459</subfield>
    <subfield code="z">Folco, Giulio</subfield>
  </datafield>
  <datafield tag="790" ind1=" " ind2="1">
    <subfield code="a">Fulcius,</subfield>
    <subfield code="b">Iulius</subfield>
    <subfield code="3">IT\ICCU\CNCA\019351</subfield>
    <subfield code="z">Folco, Giulio</subfield>
  </datafield>
  <datafield tag="791" ind1="0" ind2="0">
    <subfield code="a">Zannetti, Francesco</subfield>
    <subfield code="3">IT\ICCU\CNCT\003871</subfield>
    <subfield code="z">Zanetti, Francesco</subfield>
  </datafield>
  <datafield tag="791" ind1="0" ind2="0">
    <subfield code="a">Zanettus, Franciscus</subfield>
    <subfield code="3">IT\ICCU\CNCT\005795</subfield>
    <subfield code="z">Zanetti, Francesco</subfield>
  </datafield>
  <datafield tag="791" ind1="0" ind2="0">
    <subfield code="a">Zannetus, Franciscus</subfield>
    <subfield code="3">IT\ICCU\CNCT\005796</subfield>
    <subfield code="z">Zanetti, Francesco</subfield>
  </datafield>
  <datafield tag="791" ind1="0" ind2="0">
    <subfield code="a">Zannettus, Franciscus</subfield>
    <subfield code="3">IT\ICCU\CNCT\005797</subfield>
    <subfield code="z">Zanetti, Francesco</subfield>
  </datafield>
  <datafield tag="791" ind1="0" ind2="0">
    <subfield code="a">Zannetto, Francesco</subfield>
    <subfield code="3">IT\ICCU\CNCT\005798</subfield>
    <subfield code="z">Zanetti, Francesco</subfield>
  </datafield>
  <datafield tag="791" ind1="0" ind2="0">
    <subfield code="a">Zanetos, Phrankiskos</subfield>
    <subfield code="3">IT\ICCU\CNCT\005799</subfield>
    <subfield code="z">Zanetti, Francesco</subfield>
  </datafield>
  <datafield tag="801" ind1=" " ind2="3">
    <subfield code="a">IT</subfield>
    <subfield code="b">ICCU</subfield>
    <subfield code="c">20201114</subfield>
  </datafield>
  <datafield tag="899" ind1=" " ind2=" ">
    <subfield code="a">Biblioteca comunale Luciano Benincasa. Ancona</subfield>
    <subfield code="1">AN0001</subfield>
    <subfield code="2">URB BA</subfield>
  </datafield>
  <datafield tag="899" ind1=" " ind2=" ">
    <subfield code="a">Biblioteca universitaria. Cagliari</subfield>
    <subfield code="1">CA0194</subfield>
    <subfield code="2">CAG UC</subfield>
  </datafield>
  <datafield tag="899" ind1=" " ind2=" ">
    <subfield code="a">Biblioteca comunale Ariostea. Ferrara</subfield>
    <subfield code="1">FE0017</subfield>
    <subfield code="2">UFE AR</subfield>
  </datafield>
  <datafield tag="899" ind1=" " ind2=" ">
    <subfield code="a">Biblioteca statale. Lucca</subfield>
    <subfield code="1">LU0022</subfield>
    <subfield code="2">LUA BL</subfield>
  </datafield>
  <datafield tag="899" ind1=" " ind2=" ">
    <subfield code="a">Biblioteca comunale Padre Giammaria Carapezza da Geraci. Geraci Siculo</subfield>
    <subfield code="1">PA0040</subfield>
    <subfield code="2">PAL 75</subfield>
  </datafield>
  <datafield tag="899" ind1=" " ind2=" ">
    <subfield code="a">Biblioteca del Seminario Vescovile della Facolt ̉Teologica del Triveneto dell&apos;Istituto Filosofico Aloisianum. Padova</subfield>
    <subfield code="1">PD0073</subfield>
    <subfield code="2">PUV 01</subfield>
  </datafield>
  <datafield tag="899" ind1=" " ind2=" ">
    <subfield code="a">Biblioteca comunale Lorenzo Leonj. Todi</subfield>
    <subfield code="1">PG0172</subfield>
    <subfield code="2">UM1 20</subfield>
  </datafield>
  <datafield tag="899" ind1=" " ind2=" ">
    <subfield code="a">Biblioteca del venerabile Eremo di Fonte Avellana. Serra Sant&apos; Abbondio</subfield>
    <subfield code="1">PU0086</subfield>
    <subfield code="2">URB EA</subfield>
  </datafield>
  <datafield tag="899" ind1=" " ind2=" ">
    <subfield code="a">Biblioteca nazionale centrale. Roma</subfield>
    <subfield code="1">RM0267</subfield>
    <subfield code="2">BVE CR</subfield>
  </datafield>
  <datafield tag="911" ind1=" " ind2=" ">
    <subfield code="a">In fine</subfield>
    <subfield code="9">IT\ICCU\CNCM\000884</subfield>
  </datafield>
  <datafield tag="921" ind1=" " ind2=" ">
    <subfield code="a">IT\ICCU\CNCM\000884</subfield>
    <subfield code="b">Vittoria (donna tiene nelle mani una corona d&apos;alloro e un ramo di palma). In cornice</subfield>
    <subfield code="e">Vincenti dabo</subfield>
    <subfield code="c">U24</subfield>
    <subfield code="d">Dimensioni: 5 x 8</subfield>
    <subfield code="f">VINCENTIDA</subfield>
    <subfield code="f">VITTORIA</subfield>
    <subfield code="f">PALMA</subfield>
    <subfield code="f">ALLORO</subfield>
    <subfield code="g">1581</subfield>
  </datafield>
</record>
</collection>
